<record><leader>00000cas a22000007a 4500</leader><controlfield tag="001">15151992</controlfield><controlfield tag="008">870204d187818uutnuwr ne      0    0eng d</controlfield><datafield ind1=" " ind2=" " tag="010"><subfield code="a">sn 87090166 </subfield></datafield><datafield ind1=" " ind2=" " tag="040"><subfield code="a">PPM</subfield><subfield code="b">eng</subfield><subfield code="c">PPM</subfield><subfield code="d">TGN</subfield><subfield code="d">OCLCQ</subfield><subfield code="d">OCLCF</subfield><subfield code="d">OCLCO</subfield></datafield><datafield ind1="1" ind2=" " tag="029"><subfield code="a">AU@</subfield><subfield code="b">000020448787</subfield></datafield><datafield ind1=" " ind2=" " tag="042"><subfield code="a">msc</subfield></datafield><datafield ind1=" " ind2=" " tag="043"><subfield code="a">n-us-tn</subfield></datafield><datafield ind1="0" ind2=" " tag="130"><subfield code="a">Democrat (Greeneville, Tenn.)</subfield></datafield><datafield ind1="1" ind2="4" tag="245"><subfield code="a">The democrat.</subfield></datafield><datafield ind1=" " ind2=" " tag="260"><subfield code="a">Greeneville, Tenn. :</subfield><subfield code="b">Geo. Fitz-Gerald &amp; Co.</subfield></datafield><datafield ind1="1" ind2=" " tag="362"><subfield code="a">Began in 1878?</subfield></datafield><datafield ind1=" " ind2=" " tag="500"><subfield code="a">Publishers: Geo. Fitz-Gerald &amp; Co., &lt;1878&gt;; J.B. Lyon, &lt;1879&gt;</subfield></datafield><datafield ind1=" " ind2=" " tag="515"><subfield code="a">Issues lack volume and issue numbers: &lt;Mar. 7-July 25, 1878&gt;</subfield></datafield><datafield ind1=" " ind2=" " tag="588"><subfield code="a">Description based on: Mar. 7, 1878.</subfield></datafield><datafield ind1=" " ind2="0" tag="651"><subfield code="a">Greeneville (Tenn.)</subfield><subfield code="v">Newspapers.</subfield></datafield><datafield ind1=" " ind2="0" tag="651"><subfield code="a">Greene County (Tenn.)</subfield><subfield code="v">Newspapers.</subfield></datafield><datafield ind1=" " ind2="7" tag="655"><subfield code="a">Newspapers.</subfield><subfield code="2">fast</subfield><subfield code="0">(OCoLC)fst01423814</subfield></datafield><datafield ind1=" " ind2="7" tag="651"><subfield code="a">Tennessee</subfield><subfield code="z">Greene County.</subfield><subfield code="2">fast</subfield><subfield code="0">(OCoLC)fst01220180</subfield></datafield><datafield ind1=" " ind2="7" tag="651"><subfield code="a">Tennessee</subfield><subfield code="z">Greeneville.</subfield><subfield code="2">fast</subfield><subfield code="0">(OCoLC)fst01224711</subfield></datafield><datafield ind1=" " ind2=" " tag="752"><subfield code="a">United States</subfield><subfield code="b">Tennessee</subfield><subfield code="c">Greene</subfield><subfield code="d">Greeneville.</subfield></datafield><datafield ind1="0" ind2="0" tag="785"><subfield code="t">Greeneville democrat (Greeneville, Tenn. : 1890)</subfield><subfield code="w">(DLC)sn 97065198</subfield></datafield></record>